@book{alberts,
author = {Alberts, B. and Johnson, A. and Lewis, J. and Raff, M. and Roberts, K. and Walter, P.},
title = {Molecular biology of the cell, 5th edition},
publisher = {Garland Science},
year = {2014},
edition = {6},
month = {11},
isbn = {0815344325}
}
@article{bwa,
author = "Heng Li",
journal = "arXiv:1303.3997v2",
title = "Aligning sequence reads, clone sequences and assembly contigs with BWA-MEM.",
year = "2013",
url="http://arxiv.org/abs/1303.3997",
}

@Article{bowtie,
author={Langmead, Ben
and Salzberg, Steven L.},
title={Fast gapped-read alignment with Bowtie 2},
journal={Nat Meth},
year={2012},
month={Apr},
publisher={Nature Publishing Group, a division of Macmillan Publishers Limited. All Rights Reserved.},
volume={9},
number={4},
pages={357-359},
note={Brief Communication},
issn={1548-7091},
url={http://dx.doi.org/10.1038/nmeth.1923}
}

@article{breakpoint,
author = {Hinkley, David V. and Hinkley, Elizabeth A.}, 
title = {Inference about the change-point in a sequence of binomial variables},
volume = {57}, 
number = {3}, 
pages = {477-488}, 
year = {1970}, 
doi = {10.1093/biomet/57.3.477}, 
abstract ={SUMMARY The problem of making inferences about the point in a sequence of zero-one variables at which the binomial parameter changes is considered. The asymptotic distribution of the maximum likelihood estimate of the change-point is derived in computable form using random walk- results. The asymptotic distributions of likelihood ratio statistics for testing hypothesis about the change-point are also obtained. Some exact numerical results for these asymptotic distributions are given and their accuracy as finite sample approximations is discussed.}, 
URL = {http://biomet.oxfordjournals.org/content/57/3/477.abstract}, 
eprint = {http://biomet.oxfordjournals.org/content/57/3/477.full.pdf+html}, 
journal = {Biometrika} 
}


@ARTICLE{blast,
title = "Basic local alignment search tool",
journal = "Journal of Molecular Biology",
volume = "215",
number = "3",
pages = "403 - 410",
year = "1990",
note = "",
issn = "0022-2836",
doi = "http://dx.doi.org/10.1016/S0022-2836(05)80360-2",
url = "http://www.sciencedirect.com/science/article/pii/S0022283605803602",
author = "Stephen F. Altschul and Warren Gish and Webb Miller and Eugene W. Myers and David J. Lipman",

}

@ARTICLE{fasta,
	author = {Lipman, DJ and Pearson, WR},
	title = {Rapid and sensitive protein similarity searches},
	volume = {227},
	number = {4693},
	pages = {1435--1441},
	year = {1985},
	doi = {10.1126/science.2983426},
	publisher = {American Association for the Advancement of Science},
	issn = {0036-8075},
	URL = {http://science.sciencemag.org/content/227/4693/1435},
	eprint = {http://science.sciencemag.org/content/227/4693/1435.full.pdf},
	journal = {Science}
}

@INPROCEEDINGS{4459349, 
author={Stojanovic, M.}, 
booktitle={Wireless on Demand Network Systems and Services, 2008. WONS 2008. Fifth Annual Conference on}, title={Underwater Acoustic Communications: Design Considerations on the Physical Layer}, 
year={2008}, 
month={jan.}, 
volume={}, 
number={}, 
pages={1 -10}, 
keywords={Doppler spreading;acoustic propagation;channel latency;low-pass filter;multipath propagation;underwater acoustic communications;Doppler broadening;low-pass filters;multipath channels;underwater acoustic communication;underwater acoustic propagation;}, 
doi={10.1109/WONS.2008.4459349}, 
ISSN={},}

@INPROCEEDINGS{St-capdist,
author={Stojanovic, M.},
booktitle={First ACM International Workshop on Underwater Networks (WUWNet)},
title={On the relationship between capacity and distance in an underwater acoustic channel},
year={2006},
month={Sept.},}

@INPROCEEDINGS{CoTu-FFT, 
author={Cooley, J. and Tukey, J.},
booktitle={Math Comp.}, title={An algorithm for the machine calculation of complex Fourier series}, 
year={1965}, 
month={}, 
volume={19}, 
number={}, 
pages={297-301}, }

@ARTICLE{LiHu-MIMOOFDMhighrate, 
author={Baosheng Li and Jie Huang and Shengli Zhou and Ball, K. and Stojanovic, M. and Freitag, L. and Willett, P.}, 
journal={Oceanic Engineering, IEEE Journal of}, title={MIMO-OFDM for High-Rate Underwater Acoustic Communications}, 
year={2009}, 
month={oct. }, 
volume={34}, 
number={4}, 
pages={634 -644}, 
keywords={Doppler compensation;LDPC;MIMO detector;MIMO system design;MIMO-OFDM;bandwidth 62.5 kHz;bandwidth-limited channel;bit rate 125.7 kbit/s;channel estimation;interference cancellation;iterative detection;low-density parity-check channel decoding;minimum mean square error equalization;multiple-input-multiple-output technique;orthogonal-frequency-division-multiplexing signal;pilot subcarrier;spatial multiplexing;underwater acoustic channels;underwater acoustic communication;Doppler effect;MIMO communication;OFDM modulation;channel estimation;interference suppression;iterative decoding;least mean squares methods;parity check codes;space division multiplexing;underwater acoustic communication;}, 
doi={10.1109/JOE.2009.2032005}, 
ISSN={0364-9059},}

@INPROCEEDINGS{St-MIMOOFDMUWA, 
author={Stojanovic, M.}, 
booktitle={Signals, Systems and Computers, 2009 Conference Record of the Forty-Third Asilomar Conference on}, title={MIMO OFDM over underwater acoustic channels}, 
year={2009}, 
month={nov.}, 
volume={}, 
number={}, 
pages={605 -609}, 
keywords={MIMO OFDM communication;MIMO channel estimation methods;adaptive algorithm;computational complexity;frequency 8 kHz to 18 kHz;frequency-selective underwater acoustic channels;independent data streams;matrix inversion;modulation levels;nonuniform Doppler shifting;phase synchronization method;spatial multiplexing;transmitters;underwater acoustic channels;wideband acoustic system;Doppler shift;MIMO communication;OFDM modulation;channel estimation;matrix inversion;space division multiplexing;telecommunication channels;underwater acoustic communication;}, 
doi={10.1109/ACSSC.2009.5469907}, 
ISSN={1058-6393},}

@INPROCEEDINGS{LiSt-stbc, 
author={Baosheng Li and Stojanovic, M.}, 
booktitle={OCEANS 2010}, title={A simple design for joint channel estimation and data detection in an Alamouti OFDM system}, 
year={2010}, 
month={sept.}, 
volume={}, 
number={}, 
pages={1 -5}, 
keywords={Alamouti OFDM system;Alamouti space-time code;Doppler tracking;channel estimation;data detection;orthogonal frequency division multiplexing;piecewise linear technique;shallow water channel;time-varying acoustic channel;Doppler effect;OFDM modulation;channel estimation;frequency division multiple access;piecewise linear techniques;space-time codes;time-varying channels;underwater acoustic communication;wireless channels;}, 
doi={10.1109/OCEANS.2010.5663867}, 
ISSN={},}

@ARTICLE{Alamouti, 
author={Alamouti, S.M.}, 
journal={Selected Areas in Communications, IEEE Journal on}, title={A simple transmit diversity technique for wireless communications }, 
year={1998}, 
month={oct}, 
volume={16}, 
number={8}, 
pages={1451 -1458}, 
keywords={cellular communications;computation complexity;diversity order;maximal-ratio receiver combining;receive antenna;transmit antennas;two-branch transmit diversity;wireless communications;antenna arrays;cellular radio;computational complexity;diversity reception;receiving antennas;transmitting antennas;}, 
doi={10.1109/49.730453}, 
ISSN={0733-8716},}

@INPROCEEDINGS{LeWi-SFBCOFDM, 
author={Lee, K.F. and Williams, D.B.}, 
booktitle={Global Telecommunications Conference, 2000. GLOBECOM '00. IEEE}, title={A space-frequency transmitter diversity technique for OFDM systems }, 
year={2000}, 
month={}, 
volume={3}, 
number={}, 
pages={1473 -1477 vol.3}, 
keywords={OFDM systems;frequency selective fading channels;multiple flat fading subchannels;orthogonal frequency division multiplexing;simulation results;slow fading environment;space-frequency OFDM;space-frequency processing;space-frequency transmitter diversity;wireless communications;OFDM modulation;diversity reception;fading channels;radio transmitters;}, 
doi={10.1109/GLOCOM.2000.891885}, 
ISSN={},}

@ARTICLE{LiCh-recperfDBC, 
author={Ding-Bing Lin and Ping-Hung Chiang and Hsueh-Jyh Li}, 
journal={Vehicular Technology, IEEE Transactions on}, title={Performance analysis of two-branch transmit diversity block-coded OFDM systems in time-varying multipath Rayleigh-fading channels}, 
year={2005}, 
month={jan.}, 
volume={54}, 
number={1}, 
pages={ 136 - 148}, 
keywords={ Alamouti code; BER; bit-error outage; bit-error rate; frequency codeword; maximum-likelihood detection; orthogonal frequency-division multiplexing; space-frequency block-coded OFDM; space-time block-coded OFDM; space-time codeword; time-varying multipath Rayleigh-fading channel; two-branch transmit diversity block-coded OFDM system; wireless mobile fading channel; OFDM modulation; Rayleigh channels; block codes; diversity reception; error statistics; maximum likelihood detection; mobile radio; multipath channels; space-time codes; time-varying channels;}, 
doi={10.1109/TVT.2004.838826}, 
ISSN={0018-9545},}

@ARTICLE{LiZh-MulticarrierUWA, 
author={Li, B. and  Zhou, S. and Stojanovic, M. and Freitag, L. and Willett, P.}, 
journal={Oceanic Engineering, IEEE Journal of}, title={Multicarrier Communication Over Underwater Acoustic Channels With Nonuniform Doppler Shifts}, 
year={2008}, 
month={april }, 
volume={33}, 
number={2}, 
pages={198 -209}, 
keywords={multicarrier communication;nonuniform Doppler shift;orthogonal frequency-division multiplexing;transmission power minimization;underwater acoustic channel estimation;wideband UWA channel;zero-padded OFDM subcarrier spacing;Doppler shift;OFDM modulation;channel estimation;underwater acoustic communication;}, 
doi={10.1109/JOE.2008.920471}, 
ISSN={0364-9059},}

@ARTICLE{TuDu-CoopMIMOOFDM, 
author={Kai Tu and Duman, T.M. and Proakis, J.G. and Stojanovic, M.}, 
journal={Oceanic Engineering, IEEE Journal of}, title={Receiver Design for OFDM over Doppler-Distorted Underwater Acoustic Channels}, 
year={to appear}, 
month={}, 
volume={}, 
number={}, 
pages={}, 
keywords={Doppler distortion;Doppler scaling;Doppler-distorted underwater acoustic channels;FFT demodulation;bandwidth utilization;cooperative MIMO-OFDM communications;custom-designed linear detection;distributed transmitter-receiver pairs;front-end receiver structure;front-end resampling approach;multiple-input multiple-output communications;nonlinear detection schemes;orthogonal frequency division multiplexing;post-FFT signal rendering;receiver design;transmitter-specific intercarrier interference;underwater acoustic systems;Doppler shift;MIMO communication;OFDM modulation;acoustic receivers;cooperative communication;demodulation;fast Fourier transforms;signal detection;signal sampling;underwater acoustic communication;}, 
doi={10.1109/ACSSC.2010.5757749}, 
ISSN={1058-6393},}

@ARTICLE{LiPre-chanest, 
author={Weichang Li and Preisig, J.C.}, 
journal={Oceanic Engineering, IEEE Journal of}, title={Estimation of Rapidly Time-Varying Sparse Channels}, 
year={2007}, 
month={oct. }, 
volume={32}, 
number={4}, 
pages={927 -939}, 
keywords={Doppler shift;delay-Doppler-spread function representation;equalizer;first-order approximation;impulse response;least squares error minimization;phase coherent communication signal equalization;shallow-water acoustic communication;signal prediction error;surface scattering;time-varying sparse channel estimation;Doppler shift;approximation theory;channel estimation;equalisers;least squares approximations;surface scattering;time-varying channels;transient response;underwater acoustic communication;}, 
doi={10.1109/JOE.2007.906409}, 
ISSN={0364-9059},}

@INPROCEEDINGS{Ber-CompSens, 
author={Berger, C.R. and Shengli Zhou and Preisig, J.C. and Willett, P.}, 
booktitle={OCEANS 2009 - EUROPE}, title={Sparse channel estimation for multicarrier underwater acoustic communication: From subspace methods to compressed sensing}, 
year={2009}, 
month={may}, 
volume={}, 
number={}, 
pages={1 -8}, 
keywords={Doppler effects;LS approach;OFDM block-by-block receiver;basis pursuit;channel equalizer;channel sparsity;intercarrier interference;multicarrier underwater acoustic communication;numerical simulation;orthogonal matching pursuit;sparse channel estimation;OFDM modulation;channel estimation;intercarrier interference;numerical analysis;sparse matrices;underwater acoustic communication;}, 
doi={10.1109/OCEANSE.2009.5278228}, 
ISSN={},}

@INPROCEEDINGS{RaDu-SelDecision, 
author={Radosevic, A. and Duman, T.M. and Proakis, J.G. and Stojanovic, M.}, 
booktitle={Communication, Control, and Computing (Allerton), 2011 49th Annual Allerton Conference on}, title={Selective decision directed channel estimation for UWA OFDM systems}, 
year={2011}, 
month={sept.}, 
volume={}, 
number={}, 
pages={647 -653}, 
keywords={BER;BPD;CSI;LS channel reconstruction method;MACE'10;Martha Vineyard coast;Mobile Acoustic Communication Experiment 2010;OMP;SNR;UWA OFDM system;basis pursuit denoising;bit error rate;block-by-block pilot-assisted CE;channel state information;data subcarrier hard selection;data subcarrier soft selection;least-square channel reconstruction method;orthogonal matching pursuit;pilot grid;selective decision directed CE method;selective decision directed channel estimation method;signal-to-noise ratio;spectral efficiency communications;underwater acoustic orthogonal frequency division multiplexing system;OFDM modulation;channel estimation;error statistics;iterative methods;least squares approximations;telecommunication network reliability;time-frequency analysis;underwater acoustic communication;}, 
doi={10.1109/Allerton.2011.6120229}, 
ISSN={},}

@INPROCEEDINGS{QaSt-Statistical, 
author={Qarabaqi, P. and Stojanovic, M.}, 
booktitle={Underwater Acoustic Measurements Conference}, title={Statistical Modeling of a Shallow Water Acoustic Communication Channel}, 
year={2009}, 
month={June}, 
volume={}, 
number={}, 
pages={},}

@ARTICLE{KaKi-chanest1, 
author={Kang, Y. and Kim, K. and Park, H.}, 
journal={Communications, IET}, title={Efficient DFT-based channel estimation for OFDM systems on multipath channels}, 
year={2007}, 
month={april }, 
volume={1}, 
number={2}, 
pages={197 -202}, 
keywords={DFT-based channel estimation;OFDM system;channel impulse response;discrete Fourier transform;mean-square error;orthogonal frequency division multiplexing system;OFDM modulation;channel estimation;discrete Fourier transforms;mean square error methods;multipath channels;transient response;}, 
doi={10.1049/iet-com:20050337}, 
ISSN={1751-8628},}

@ARTICLE{OliAra-chanest2, 
author={Oliver, J. and Aravind, R. and Prabhu, K.M.M.}, 
journal={Electronics Letters}, title={Sparse channel estimation in OFDM systems by threshold-based pruning}, 
year={2008}, 
month={19}, 
volume={44}, 
number={13}, 
pages={830 -832}, 
keywords={OFDM system;correct detection probability;least square estimator;orthogonal frequency division multiplexing;sparse channel estimation;threshold-based pruning;zero-valued tap estimation;OFDM modulation;channel estimation;estimation theory;least squares approximations;probability;}, 
doi={10.1049/el:20081089}, 
ISSN={0013-5194},}

@BOOK{Ocean-acoustics,
author={Berkhovskikh, L. and Lysanov, Y.},
title={Fundamentals of ocean acoustics},
publisher={New York: Springer},
year={1982},}

@BOOK{coates,
author={Coates,R.},
title={Underwater acoustic systems},
publisher={Houndmills, Basingstoke, Hampshire: Macmillan},
year={1990},}

@BOOK{proakis,
author={Proakis, J.G. and Salehi, M.},
title={Digital communications},
publisher={McGraw-Hill},
year={2007},
edition={5th},}

@BOOK{tse,
author={Tse, D. and Viswanath, P.},
title={Fundamentals of wireless communication},
publisher={Cambridge: Cambridge University Press},
year={2005},}

@BOOK{paulraj,
author={Paulraj, A.},
title={Introduction to space-time wireless communications},
publisher={Cambridge, New York: Cambridge University Press},
year={2003},}

@BOOK{molisch,
author={Molisch, A.F.},
title={Wireless communications},
publisher={Chichester, England; Hoboken, NJ: John Wiley \& sons},
year={2005},}


@BOOK{num-analysis,
author={Burden, R.L. and Faires, J.D.},
title={Numerical analysis},
publisher={PWS Publishers},
year={1985},
edition={3rd},}


@INPROCEEDINGS{St-relaychannel, 
author={Stojanovic, M.}, 
booktitle={OCEANS 2007}, title={Capacity of a Relay Acoustic Channel}, 
year={2007}, 
month={29 2007-oct. 4}, 
volume={}, 
number={}, 
pages={1 -7}, 
keywords={cost function minimization;data packet;data transmission;link delay;optimal relay number;relay acoustic channel capacity;relay acoustic link;underwater acoustic communication;channel capacity;data communication;delays;minimisation;telecommunication links;underwater acoustic communication;}, 
doi={10.1109/OCEANS.2007.4449214}, 
ISSN={},}

@ARTICLE{div-mult, 
author={Lizhong Zheng and Tse, D.N.C.}, 
journal={Information Theory, IEEE Transactions on}, title={Diversity and multiplexing: a fundamental tradeoff in multiple-antenna channels}, 
year={2003}, 
month={may}, 
volume={49}, 
number={5}, 
pages={ 1073 - 1096}, 
keywords={ MIMO system; coding; error exponents; multiple-antenna channels; optimal diversity-multiplexing tradeoff curve; performance evaluation; scattered Rayleigh-fading channel; spatial diversity; wireless communication systems; MIMO systems; Rayleigh channels; antenna arrays; diversity reception; encoding; multiplexing; optimisation;}, 
doi={10.1109/TIT.2003.810646}, 
ISSN={0018-9448},}

@ARTICLE{tarokh, 
author={Tarokh, V. and Seshadri, N. and Calderbank, A.R.}, 
journal={Information Theory, IEEE Transactions on}, title={Space-time codes for high data rate wireless communication: performance criterion and code construction}, 
year={1998}, 
month={mar}, 
volume={44}, 
number={2}, 
pages={744 -765}, 
keywords={4 PSK signal sets;8 PSK signal sets;Gaussian channels;Rayleigh channels;Rician channels;cellular standards;channel codes;code construction;code sequences;coding gain;communications reliability;data encoding;diversity gain;encoding/decoding complexity;fading channels;fast fading channels;frequency nonselective fading;high data rate wireless communication;linear superposition;matrices;minimum determinant;minimum rank;multiple transmit antennas;outage capacity;performance criterion;received signal;simulation results;slow fading;space-time codes;state encoders;trellis codes;trellis complexity;Rayleigh channels;Rician channels;cellular radio;channel capacity;channel coding;computational complexity;data communication;decoding;diversity reception;fading;land mobile radio;matrix algebra;phase shift keying;receiving antennas;transmitting antennas;trellis codes;}, 
doi={10.1109/18.661517}, 
ISSN={0018-9448},}

